<?xml version="1.0" encoding="UTF-8"?><collection xmlns="http://www.loc.gov/MARC21/slim"><record><leader>00482nam--2200181-i-4500</leader><controlfield tag="001">000010607</controlfield><controlfield tag="002">20161230</controlfield><controlfield tag="005">20161230201028</controlfield><controlfield tag="008">060222s1000------------r-----000-0-rus-d</controlfield><datafield ind1=" " ind2=" " tag="040"><subfield code="a">IFIN-HH</subfield></datafield><datafield ind1=" " ind2=" " tag="041"><subfield code="a">rus</subfield></datafield><datafield ind1=" " ind2=" " tag="080"><subfield code="a">537.531</subfield></datafield><datafield ind1="1" ind2=" " tag="100"><subfield code="a">Jmudskii, A.Z</subfield></datafield><datafield ind1="1" ind2="0" tag="245"><subfield code="a">Priroda rentgenovskih satellitov i strukturi diagrammnih linii</subfield><subfield code="c">A.z. jmudskii</subfield></datafield><datafield ind1=" " ind2=" " tag="260"><subfield code="a">Kiev</subfield><subfield code="b">Kievskogo Universiteta</subfield><subfield code="c">1966</subfield></datafield><datafield ind1=" " ind2=" " tag="300"><subfield code="a">115P</subfield></datafield><datafield ind1=" " ind2=" " tag="852"><subfield code="a">25264</subfield><subfield code="c">537.531</subfield></datafield><datafield ind1=" " ind2=" " tag="CAT"><subfield code="a">Sys</subfield><subfield code="c">20110809</subfield><subfield code="h">153122</subfield></datafield></record></collection>